<record><leader>00000cas a22000007a 4500</leader><controlfield tag="001">13340560</controlfield><controlfield tag="007">hd afu---buca</controlfield><controlfield tag="008">860325d17661782nyuwr nea     0   a0eng d</controlfield><datafield ind1=" " ind2=" " tag="010"><subfield code="a">sn 91025276 </subfield></datafield><datafield ind1=" " ind2=" " tag="040"><subfield code="a">TXI</subfield><subfield code="b">eng</subfield><subfield code="c">TXI</subfield><subfield code="d">HUL</subfield><subfield code="d">DLC</subfield><subfield code="d">HLS</subfield><subfield code="d">OCLCQ</subfield><subfield code="d">MBB</subfield><subfield code="d">OCLCF</subfield><subfield code="d">OCLCO</subfield></datafield><datafield ind1=" " ind2=" " tag="012"><subfield code="i">9103</subfield></datafield><datafield ind1="1" ind2=" " tag="029"><subfield code="a">AU@</subfield><subfield code="b">000020124248</subfield></datafield><datafield ind1=" " ind2=" " tag="042"><subfield code="a">msc</subfield></datafield><datafield ind1=" " ind2=" " tag="043"><subfield code="a">n-us-ny</subfield></datafield><datafield ind1=" " ind2="4" tag="050"><subfield code="a">AN1.N7</subfield><subfield code="b">N5 nj</subfield></datafield><datafield ind1="0" ind2="4" tag="245"><subfield code="a">The New-York journal; or, General advertiser</subfield><subfield code="h">[microform].</subfield></datafield><datafield ind1="3" ind2="0" tag="246"><subfield code="a">General advertiser</subfield></datafield><datafield ind1=" " ind2=" " tag="260"><subfield code="a">New York [N.Y.] :</subfield><subfield code="b">John Holt,</subfield><subfield code="c">1766-1782.</subfield></datafield><datafield ind1=" " ind2=" " tag="300"><subfield code="a">v. ;</subfield><subfield code="c">39 cm.</subfield></datafield><datafield ind1=" " ind2=" " tag="310"><subfield code="a">Weekly</subfield></datafield><datafield ind1="0" ind2=" " tag="362"><subfield code="a">No. 1241 (Oct. 16, 1766)-no. 1926 (Jan. 6, 1782).</subfield></datafield><datafield ind1=" " ind2=" " tag="500"><subfield code="a">Title from caption.</subfield></datafield><datafield ind1=" " ind2=" " tag="500"><subfield code="a">References: Evans 10428; Brigham, C.S. Amer. newspapers, p. 654.</subfield></datafield><datafield ind1=" " ind2=" " tag="500"><subfield code="a">Microfilmed by Historical Society of Pennsylvania.</subfield></datafield><datafield ind1=" " ind2=" " tag="533"><subfield code="a">Microfilm.</subfield><subfield code="b">Wilmington, Del. :</subfield><subfield code="c">Scholarly Resources.</subfield><subfield code="e">microfilm reels ; 35 mm.</subfield></datafield><datafield ind1=" " ind2="0" tag="650"><subfield code="a">American newspapers</subfield><subfield code="z">New York (State)</subfield><subfield code="z">New York.</subfield></datafield><datafield ind1=" " ind2="0" tag="651"><subfield code="a">New York (N.Y.)</subfield><subfield code="x">Newspapers.</subfield></datafield><datafield ind1=" " ind2="7" tag="655"><subfield code="a">Newspapers.</subfield><subfield code="2">fast</subfield><subfield code="0">(OCoLC)fst01423814</subfield></datafield><datafield ind1=" " ind2="7" tag="650"><subfield code="a">American newspapers.</subfield><subfield code="2">fast</subfield><subfield code="0">(OCoLC)fst00807293</subfield></datafield><datafield ind1=" " ind2="7" tag="651"><subfield code="a">New York (State)</subfield><subfield code="z">New York.</subfield><subfield code="2">fast</subfield><subfield code="0">(OCoLC)fst01204333</subfield></datafield><datafield ind1=" " ind2=" " tag="752"><subfield code="a">United States</subfield><subfield code="b">New York</subfield><subfield code="d">New York.</subfield></datafield><datafield ind1="1" ind2=" " tag="776"><subfield code="t">New-York journal; or, General advertiser</subfield><subfield code="w">(OCoLC)11238404</subfield></datafield><datafield ind1="0" ind2="1" tag="780"><subfield code="t">New-York gazette, or The weekly post-boy (New York, N.Y. : 1762)</subfield></datafield><datafield ind1="0" ind2="0" tag="785"><subfield code="t">Independent New-York gazette</subfield></datafield><datafield ind1="0" ind2=" " tag="787"><subfield code="t">New-York gazette, or, The weekly post-boy (New York, N.Y. : 1766)</subfield><subfield code="w">(DLC)sn 85054094</subfield><subfield code="w">(OCoLC)11738692</subfield></datafield><datafield ind1=" " ind2=" " tag="850"><subfield code="a">MH</subfield></datafield></record>